<?xml version="1.0" encoding="UTF-8"?><collection xmlns="http://www.loc.gov/MARC21/slim"><record><leader>00404nam--2200121-i-4500</leader><controlfield tag="001">000021553</controlfield><controlfield tag="002">20161230</controlfield><controlfield tag="005">20161230201034</controlfield><controlfield tag="008">060222s1000------------r-----000-0-eng-d</controlfield><datafield ind1=" " ind2=" " tag="100"><subfield code="a">Hausner, Henry H., Bedell John R</subfield></datafield><datafield ind1=" " ind2=" " tag="245"><subfield code="a">Metallurgical problems in nuclear power reactors. part i. general considerations</subfield></datafield><datafield ind1=" " ind2=" " tag="260"><subfield code="a">New York, Atomic Energy Division, Sylvania Electric Products Inc., 1954</subfield></datafield><datafield ind1=" " ind2=" " tag="852"><subfield code="a">5583</subfield></datafield></record></collection>